

@article{basellini2019,
  author = {Ugofilippo Basellini and Carlo Giovanni Camarda},
  title = {Modelling and forecasting adult age-at-death distributions},
  journal = {Population Studies},
  volume = {73},
  number = {1},
  pages = {119-138},
  year  = {2019},
  publisher = {Routledge},
  doi = {10.1080/00324728.2018.1545918},
  note ={PMID: 30693848},
  URL = {https://doi.org/10.1080/00324728.2018.1545918},
  eprint = {https://doi.org/10.1080/00324728.2018.1545918}
}

@misc{team2018r,
  title = {{R: A language and environment for statistical computing [Internet]. Vienna, Austria. R version 3.5.0 (2018-04-23)}},
  author = {{R Core Team}},
  year = {2018},
	url = {https://www.r-project.org}
}

@article{bohk2018,
  title={Forecast accuracy hardly improves with method complexity when completing cohort fertility},
  author={Bohk-Ewald, Christina and Li, Peng and Myrskyl{\"a}, Mikko},
  journal={Proceedings of the National Academy of Sciences},
  volume={115},
  number={37},
  pages={9187--9192},
  year={2018},
  publisher={National Acad Sciences}
}


@misc{hmd2018,
	Author = {{Human Mortality Database}},
	Title = {{University of California, Berkeley (USA), and Max Planck Institute for Demographic Research (Germany). Data downloaded on 21/08/2018.}},
	Year = {2018},
	url = {https://www.mortality.org}
}

@article{mazzuco2018,
  title={A mortality model based on a mixture distribution function},
  author={Mazzuco, Stefano and Scarpa, Bruno and Zanotto, Lucia},
  journal={Population Studies},
  pages={1--10},
  year={2018},
  publisher={Taylor \& Francis},
  doi = {10.1080/00324728.2018.1439519}
}

@Manual{MortalityLaws160,
  title = {{MortalityLaws: Parametric Mortality Models, Life Tables and HMD}},
  author = {Marius D. Pascariu},
  year = {2018},
  note = {R package version 1.6.0},
  url = {https://github.com/mpascariu/MortalityLaws},
}

@book{hyndman2018,
  title={Forecasting: principles and practice},
  author={Hyndman, Rob J and Athanasopoulos, George},
  year={2018},
  publisher={OTexts. Available online at https://otexts.org/fpp2/}
}

@Manual{demography2017,
  title = {demography: Forecasting Mortality, Fertility, Migration and Population Data},
  author = {Hyndman, Rob J},
  year = {2017},
  note = {R package version 1.20},
  url = {https://CRAN.R-project.org/package=demography},
}

@article{bergeron2017,
  title = {Coherent forecasts of mortality with compositional data analysis},
  author = {Bergeron-Boucher, Marie-Pier and Canudas-Romo, Vladimir and Oeppen, Jim and Vaupel, James W},
  journal = {Demographic Research},
  volume = {37},
  pages = {527--566},
  year = {2017},
  publisher = {JSTOR},
  doi = {10.4054/DemRes.2017.37.17}
}


@article{villegas2015,
	Author = {Villegas, Andres and Millossovich, Pietro and Kaishev, Vladimir},
	Title = {`{StMoMo}': An {R} Package for Stochastic Mortality Modelling},
	Year = {2015}
}


@article{haberman2014,
	title = {{Longevity Basis Risk: A methodology for assessing basis risk}},
	author = {Haberman, S and Kaishev, VK and Millosaovich, P and Villegas, AM and Baxter, S and Gaches, A and Gunnlaugsson, S and Sison, M},
	journal = {Institute and Faculty of Actuaries Sessional Research Paper},
	year = {2014}
}


@article{haberman2011,
  title={A comparative study of parametric mortality projection models},
  author={Haberman, Steven and Renshaw, Arthur},
  journal={Insurance: Mathematics and Economics},
  volume={48},
  number={1},
  pages={35--55},
  year={2011},
  publisher={Elsevier},
  doi = {10.1016/j.insmatheco.2010.09.003}
}


@book{chihara1978,
	Author = {Chihara, Theodore S},
	Title = {An introduction to orthogonal polynomials},
	Year = {1978},
	Publisher = {Gordon and Breach},
	address = {New York},
  isbn = {978-0-486-47929-3}
}


@article{oeppen2008,
  title = {{Coherent forecasting of multiple-decrement life tables: a test using Japanese cause of death data}},
  author = {Oeppen, Jim},
  year = {2008},
  journal = {Paper presented at the European Population Conference 2008, Barcelona, Spain, July 9-12},
  url = {https://dugi-doc.udg.edu/handle/10256/742}
}


@article{john2007,
	Author = {John, V and Angelov, I and {\"O}nc{\"u}l, AA and Th{\'e}venin, D},
	Journal = {Chemical Engineering Science},
	Number = {11},
	Pages = {2890--2904},
	Publisher = {Elsevier},
	Title = {Techniques for the reconstruction of a distribution from a finite number of its moments},
	Volume = {62},
	Year = {2007}
}


@article{hyndman2007,
  title={{Robust forecasting of mortality and fertility rates: A functional data approach}},
  author = {Hyndman, Rob J and Ullah, Md Shahid},
  journal = {Computational Statistics \& Data Analysis},
  volume = {51},
  number = {10},
  pages = {4942--4956},
  year = {2007},
  publisher = {Elsevier},
  doi = {10.1016/j.csda.2006.07.028}
}


@article{renshaw2006,
  title={A cohort-based extension to the Lee--Carter model for mortality reduction factors},
  author={Renshaw, Arthur E and Haberman, Steven},
  journal={{Insurance: Mathematics and Economics}},
  volume={38},
  number={3},
  pages={556--570},
  year={2006},
  publisher={Elsevier},
  doi = {10.1016/j.insmatheco.2005.12.001}
}


@article{hyndman2006,
  title = {Another look at measures of forecast accuracy},
  author = {Hyndman, Rob J and Koehler, Anne B},
  journal = {International journal of forecasting},
  volume = {22},
  number = {4},
  pages = {679--688},
  year = {2006},
  publisher = {Elsevier},
  doi = {10.1016/j.ijforecast.2006.03.001}
}


@article{li2005,
	Author = {Li, Nan and Lee, Ronald},
	Journal = {Demography},
	Number = {3},
	Pages = {575--594},
	Title = {Coherent mortality forecasts for a group of populations: {An} extension of the {Lee--Carter} method},
	Volume = {42},
	Year = {2005}
}

@article{dellaportas2001,
  title={Bayesian analysis of mortality data},
  author={Dellaportas, Petros and Smith, Adrian FM and Stavropoulos, Photis},
  journal={Journal of the Royal Statistical Society: Series A (Statistics in Society)},
  volume={164},
  number={2},
  pages={275--291},
  year={2001},
  publisher={Wiley Online Library}
}


@book{preston2001,
  title={{Demography: Measuring and Modeling Population Processes}},
  author={Preston, Samuel and Heuveline, Patrick and Guillot, Michel},
  publisher={Wiley-Blackwell},
  address = {Oxford},
  year={2001},
  pages = {49},
  isbn = {978-1-557-86451-2}
}

@article{stock1999,
	Author = {Stock, James H and Watson, Mark W},
	Journal = {Journal of Monetary Economics},
	Number = {2},
	Pages = {293--335},
	Publisher = {Elsevier},
	Title = {Forecasting Inflation},
	Volume = {44},
	Year = {1999}
}


@article{hill1993,
  title = {The entropy of the survival curve: {An} alternative measure},
  author = {Hill, Gerry},
  journal = {Canadian Studies in Population},
  volume = {20},
  number = {1},
  pages = {43--57},
  year = {1993}
}


@article{lee1992,
  title = {{Modeling and forecasting US mortality}},
  author = {Lee, Ronald D and Carter, Lawrence R},
  journal = {Journal of the American statistical association},
  volume = {87},
  number = {419},
  pages = {659--671},
  year = {1992},
  publisher = {Taylor \& Francis},
  doi = {10.1080/01621459.1992.10475265}
}


@inbook{frontini1990,
	Author = {Frontini, M and Rodriguez, G and Seatzu, S},
	Title = {An algorithm for computing minimum norm solutions of finite moment problem},
	Booktitle = {Algorithms for Approximation II},
	Publisher = {Chapman \& Hall},
	address = {London},
	Date = {1990},
	Pages = {361--368},
	Year = {1990},
	isbn = {0-412-34580-3}
}


@article{aitchison1986,
  title = {A Concise Guide to Compositional Data Analysis},
  author = {Aitchison, John},
  journal = {London: Chapman and Hall. 2015.},
  year = {1986},
  url = {http://www.leg.ufpr.br/lib/exe/fetch.php/pessoais:abtmartins:a_concise_guide_to_compositional_data_analysis.pdf}
}

@article{aitchison1982,
  title={The statistical analysis of compositional data},
  author={Aitchison, John},
  journal={Journal of the Royal Statistical Society. Series B (Methodological)},
  pages={139--177},
  year={1982},
  publisher={JSTOR},
  url = {https://www.jstor.org/stable/2345821}
}

@article{mead1984,
  title={Maximum entropy in the problem of moments},
  author={Mead, Lawrence R and Papanicolaou, Nikos},
  journal={Journal of Mathematical Physics},
  volume={25},
  number={8},
  pages={2404--2417},
  year={1984},
  publisher={AIP},
  doi = {10.1063/1.526446}
}

@article{heligman1980,
	Author = {Heligman, Larry and Pollard, John H},
	Journal = {Journal of the Institute of Actuaries},
	Number = {01},
	Pages = {49--80},
	Publisher = {Cambridge Univ Press},
	Title = {The age pattern of mortality},
	Volume = {107},
	Year = {1980},
	doi = {10.1017/S0020268100040257}
}

@book{keyfitz1977,
  title = {Applied mathematical demography},
  author = {Keyfitz, Nathan},
  volume = {},
  year = {1977},
  publisher = {John Wiley and Sons}
}


@book{box1970,
	Address = {San Francisco},
	Author = {Box, George EP and Jenkins, Gwilym M},
	Title = {Time Series Models for Forecasting and Control},
	Year = {1970}
}


@article{warren1949,
 title = {Recent contributions to the mathematical theory of communication},
 author = {Weaver, Warren},
 journal = {ETC: A Review of General Semantics},
 publisher = {Institute of General Semantics},
 year = {1953},
 volume = {10},
 number = {4},
 pages = {261--281},
 ISSN = {0014164X, 21689245},
 URL = {http://www.jstor.org/stable/42581364}
}




@article{shannon1948,
  title = {A Mathematical Theory of Communication},
  author = {Shannon, Claude E},
	journal = {Bell System Technical Journal},
	volume = {27 (3)},
	pages = {379--423},
  year = {1948}
}


@book{shohat1943,
  Author = {Shohat, James Alexander and Tamarkin, Jacob David},
  Number = {1},
  Publisher = {American Mathematical Soc.},
  Title = {The problem of moments},
  Year = {1943}
}


@article{hausdorff1921,
	Title = {Summationsmethoden und momentfolgen. I},
	Author = {Hausdorff, Felix},
	Journal = {Mathematische Zeitschrift},
	Number = {1-2},
	Pages = {74--109},
	Publisher = {Springer},
	Volume = {9},
	Year = {1921}
}

@article{pearson1897,
  title={The chances of death, and other studies in evolution},
  author={Pearson, Karl},
  year={1897},
  Journal = {Folklore Enterprises, Ltd.},
  Volume = {8},
  Number = {4},
  Pages = {370--372}
}


@book{lexis1879,
  title={Sur la dur{\'e}e normale de la vie humaine et sur la th{\'e}orie de la stabilit{\'e} des rapports statistiques},
  author={Lexis, Wilhelm Hector Richard Albrecht},
  year={1879},
  publisher={Vve. F. Henry}
}


@article{thiele1871,
	Author = {Thiele, Thorvald Nicolai},
	Journal = {Journal of the Institute of Actuaries and Assurance Magazine. Translated by T.B. Sprague in 1872.},
	Number = {5},
	Pages = {313--329},
	Publisher = {JSTOR},
	Title = {On a mathematical formula to express the rate of mortality throughout the whole of life.},
	Volume = {16},
	Year = {1871}
}

@article{siler1983,
	Author = {Siler, William},
	Journal = {Statistics in medicine},
	Number = {3},
	Pages = {373--380},
	Publisher = {Wiley Online Library},
	Title = {Parameters of mortality in human populations with widely varying life spans},
	Volume = {2},
	Year = {1983}
}

@article{makeham1867,
	Author = {Makeham, William Matthew},
	Journal = {Journal of the Institute of Actuaries (1866-1867)},
	Number = {6},
	Pages = {325--358},
	Publisher = {JSTOR},
	Title = {On the law of mortality},
	Volume = {13},
	Year = {1867}
}

@article{gompertz1825,
	Author = {Gompertz, Benjamin},
	Journal = {Philosophical transactions of the Royal Society of London},
	Pages = {513--583},
	Publisher = {JSTOR},
	Title = {On the nature of the function expressive of the law of human mortality, and on a new mode of determining the value of life contingencies},
	Volume = {115},
	Year = {1825}
}
