
@article{pascariu_phd2018,
  title={PhD Thesis: Modelling and Forecasting Mortality},
  author={Pascariu, Marius D.},
  journal={University of Southern Denmark},
  volume={},
  pages={77--100},
  year={2018},
  publisher={SDU Print \& Sign},
  url = {https://github.com/mpascariu/PhD-Thesis/blob/master/Thesis.pdf}
}


@misc{hmd2018,
	Author = {{Human Mortality Database}},
	Title = {{University of California, Berkeley (USA), and Max Planck Institute for Demographic Research (Germany). Data downloaded on 30/11/2018.}},
	Year = {2018},
	url = {https://www.mortality.org}
}

@article{bergeron2017,
  title={Coherent forecasts of mortality with compositional data analysis},
  author={Bergeron-Boucher, Marie-Pier and Canudas-Romo, Vladimir and Oeppen, Jim and Vaupel, James W},
  journal={Demographic Research},
  volume={37},
  pages={527--566},
  year={2017},
  publisher={JSTOR},
  doi = {10.4054/DemRes.2017.37.17}
}

@article{haberman2011,
  title={A comparative study of parametric mortality projection models},
  author={Haberman, Steven and Renshaw, Arthur},
  journal={Insurance: Mathematics and Economics},
  volume={48},
  number={1},
  pages={35--55},
  year={2011},
  publisher={Elsevier},
  doi = {10.1016/j.insmatheco.2010.09.003}
}


@article{oeppen2008,
  title = {Coherent forecasting of multiple-decrement life tables: a test using Japanese cause of death data},
  author = {Oeppen, Jim},
  year = {2008},
  journal = {Paper presented at the European Population Conference 2008, Barcelona, Spain, July 9-12},
  url = {https://dugi-doc.udg.edu/handle/10256/742}
}



@article{hyndman2007,
  title={Robust forecasting of mortality and fertility rates: {A} functional data approach},
  author = {Hyndman, Rob J and Ullah, Md Shahid},
  journal = {Computational Statistics \& Data Analysis},
  volume = {51},
  number = {10},
  pages = {4942--4956},
  year = {2007},
  publisher = {Elsevier},
  doi = {10.1016/j.csda.2006.07.028}
}

@article{hyndman2006,
  title = {Another look at measures of forecast accuracy},
  author = {Hyndman, Rob J and Koehler, Anne B},
  journal = {International journal of forecasting},
  volume = {22},
  number = {4},
  pages = {679--688},
  year = {2006},
  publisher = {Elsevier},
  doi = {10.1016/j.ijforecast.2006.03.001}
}


@article{li2005,
  title={{Coherent mortality forecasts for a group of populations: An extension of the Lee-Carter method}},
  author={Li, Nan and Lee, Ronald},
  journal={Demography},
  volume={42},
  number={3},
  pages={575--594},
  year={2005},
  publisher={Springer}
}

@article{lee1992,
  title={Modeling and forecasting US mortality},
  author={Lee, Ronald D and Carter, Lawrence R},
  journal={Journal of the American statistical association},
  volume={87},
  number={419},
  pages={659--671},
  year={1992},
  publisher={Taylor \& Francis},
  doi = {10.1080/01621459.1992.10475265}
}

@article{aitchison1986,
  title = {A Concise Guide to Compositional Data Analysis},
  author = {Aitchison, John},
  journal = {London: Chapman and Hall. 2015.},
  year = {1986},
  url = {http://www.leg.ufpr.br/lib/exe/fetch.php/pessoais:abtmartins:a_concise_guide_to_compositional_data_analysis.pdf}
}

@article{mead1984,
  title={Maximum entropy in the problem of moments},
  author={Mead, Lawrence R and Papanicolaou, Nikos},
  journal={Journal of Mathematical Physics},
  volume={25},
  number={8},
  pages={2404--2417},
  year={1984},
  publisher={AIP},
  doi = {10.1063/1.526446}
}

